%%%%%%%%%%%%%%%%%%%%%%%%%%%%%%%%%%VARIABLES%%%%%%%%%%%%%%%%%%%%%%%%%%%%%
%
%%%%%%%%%%%%%%%%%%%%%%%%%%%%%%%%%%BIBLIOGRAPHY%%%%%%%%%%%%%%%%%%%%%%%%%%
% 1
@ARTICLE{Yasmin2015,
author = {Yasmin S. Khan and Soudamini Pawar},
title = {Video Summarization: Survey on Event Detection and Summarization in Soccer Video},
journal = {International Journal of Advanced Computer Science and Applications},
year = 2015,
volume = {Vol. 06 nro. 11},
pages = {256-259}
}
% 2
@ARTICLE{Furini2008,
author = {Marco Furini and Filippo Geraci and Manuela Montangero and Marco Pellegrini},
title = {On Using Clustering Algorithms to Produce Video Abstracts for the Web Scenario},
journal = {IEEE Consumer Communications and Networking Conference},
year = 2008,
volume = {},
pages = {1112-1116}
}
% 3
@ARTICLE{Ricardo2015,
author = {Ricardo Barbosa Kloss and Marcos Vinicius Mussel Cirne and Samira Silva and Helio Pedrini and William Robson Schwartz},
title = {Partial Least Squares Image Clustering},
journal = {SIBGRAPI - Conference on Graphics, Patterns and Images},
year = 2015,
volume = {},
pages = {}
}
% 4
@ARTICLE{Avila2011,
  author={De Avila, Sandra Eliza Fontes and Lopes, Ana Paula Brand{\~a}o and da Luz, Antonio and de Albuquerque Ara{\'u}jo, Arnaldo},
  title={VSUMM: A mechanism designed to produce static video summaries and a novel evaluation method},
  journal={Pattern Recognition Letters},
  year=2011,
  volume={32},
  number={1},
  pages={56--68},
  publisher={Elsevier}
}